@inproceedings{SUMO2018,
          title = {Microscopic Traffic Simulation using SUMO},
         author = {Pablo Alvarez Lopez and Michael Behrisch and Laura Bieker-Walz and Jakob Erdmann and Yun-Pang Fl{\"o}tter{\"o}d and Robert Hilbrich and Leonhard L{\"u}cken and Johannes Rummel and Peter Wagner and Evamarie Wie{\ss}ner},
      publisher = {IEEE},
      booktitle = {The 21st IEEE International Conference on Intelligent Transportation Systems},
           year = {2018},
        journal = {IEEE Intelligent Transportation Systems Conference (ITSC)},
       keywords = {traffic simulation, modelling, optimization},
            url = {https://elib.dlr.de/124092/}
 }

@misc{tensorflow2015-whitepaper,
    title={ {TensorFlow}: Large-Scale Machine Learning on Heterogeneous Systems},
    url={https://www.tensorflow.org/},
    note={Software available from tensorflow.org},
    author={
        Mart\'{\i}n~Abadi and
        Ashish~Agarwal and
        Paul~Barham and
        Eugene~Brevdo and
        Zhifeng~Chen and
        Craig~Citro and
        Greg~S.~Corrado and
        Andy~Davis and
        Jeffrey~Dean and
        Matthieu~Devin and
        Sanjay~Ghemawat and
        Ian~Goodfellow and
        Andrew~Harp and
        Geoffrey~Irving and
        Michael~Isard and
        Yangqing Jia and
        Rafal~Jozefowicz and
        Lukasz~Kaiser and
        Manjunath~Kudlur and
        Josh~Levenberg and
        Dandelion~Man\'{e} and
        Rajat~Monga and
        Sherry~Moore and
        Derek~Murray and
        Chris~Olah and
        Mike~Schuster and
        Jonathon~Shlens and
        Benoit~Steiner and
        Ilya~Sutskever and
        Kunal~Talwar and
        Paul~Tucker and
        Vincent~Vanhoucke and
        Vijay~Vasudevan and
        Fernanda~Vi\'{e}gas and
        Oriol~Vinyals and
        Pete~Warden and
        Martin~Wattenberg and
        Martin~Wicke and
        Yuan~Yu and
        Xiaoqiang~Zheng},
      year={2015},
}

